<?xml version="1.0" encoding="UTF-8"?><record xmlns="http://www.loc.gov/MARC21/slim" xmlns:cinclude="http://apache.org/cocoon/include/1.0" xmlns:zs="http://www.loc.gov/zing/srw/">
  <leader>00624cz  a2200145n  4500</leader>
  <controlfield tag="001">n  80055181 </controlfield>
  <controlfield tag="003">DLC</controlfield>
  <controlfield tag="005">20120804080901.0</controlfield>
  <controlfield tag="008">800619n| acannaab           |n aaa      </controlfield>
  <datafield tag="010" ind1=" " ind2=" ">
    <subfield code="a">n  80055181 </subfield>
  </datafield>
  <datafield tag="040" ind1=" " ind2=" ">
    <subfield code="a">DLC</subfield>
    <subfield code="b">eng</subfield>
    <subfield code="c">DLC</subfield>
    <subfield code="d">DLC</subfield>
  </datafield>
  <datafield tag="100" ind1="1" ind2=" ">
    <subfield code="a">Schütze, Wilfried,</subfield>
    <subfield code="c">Dipl.-Ingenieur</subfield>
  </datafield>
  <datafield tag="667" ind1=" " ind2=" ">
    <subfield code="a">THIS 1XX FIELD CANNOT BE USED UNDER RDA UNTIL THIS RECORD HAS BEEN REVIEWED AND/OR UPDATED</subfield>
  </datafield>
  <datafield tag="670" ind1=" " ind2=" ">
    <subfield code="a">Germany (Democratic Republic, 1949- ). Laws, statutes, etc. Staatliche Bauaufsicht, 1979 (a.e.)</subfield>
    <subfield code="b">verso of t.p. (Dipl.-Ingenieur Wilfried Schütze)</subfield>
  </datafield>
  <datafield tag="675" ind1=" " ind2=" ">
    <subfield code="a">Kürsch. Deut. Gel.-Kal., 1970-1987;</subfield>
    <subfield code="a">Buch, G. Namen u. Daten, 1979.</subfield>
  </datafield>
</record>